@book{amstrup2010handbook,
  title = {Handbook of capture-recapture analysis},
  author = {Amstrup, Steven C and McDonald, Trent L and Manly, Bryan FJ},
  year = 2010,
  publisher = {Princeton University Press},
}
@article{burnham1979robust,
  title = {Robust estimation of population size when capture probabilities vary among animals},
  author = {Burnham, Kenneth P and Overton, W Scott},
  year = 1979,
  journal = {Ecology},
  publisher = {Wiley Online Library},
  volume = 60,
  number = 5,
  pages = {927--936},
}
